@article{bolik2024spontaneous,
  title={Spontaneous-Emission-Induced Ratchet in Atom-Optics Kicked-Rotor Quantum Walks},
  author={Bolik, Nikolai and Wimberger, Sandro},
  journal={Physical Review A},
  volume={109},
  number={6},
  pages={063307},
  year={2024},
  publisher={APS}
}

@article{chandrashekar2011,
  title={Parrondoʼs Game Using a Discrete-Time Quantum Walk},
  author={Chandrashekar, C. M. and Banerjee, Subhashish},
  journal={Physics Letters A},
  volume={375},
  number={14},
  pages={1553--1558},
  year={2011},
  publisher={Elsevier}
}

@article{flitney2012,
  title={Quantum Parrondo’s Games Using Quantum Walks},
  author={Flitney, Adrian P},
  journal={arXiv preprint arXiv:1209.2252},
  year={2012}
}

@article{flitney2004,
  title={Quantum Walks with History Dependence},
  author={Flitney, A. P. and Abbott, D. and Johnson, N. F.},
  journal={Journal of Physics A: Mathematical and General},
  volume={37},
  number={30},
  pages={7581},
  year={2004},
  publisher={IOP Publishing}
}

@article{hosaka2024parrondo,
  title={Parrondo’s Game of Quantum Search Based on Quantum Walk},
  author={Hosaka, Taisuke and Konno, Norio},
  journal={Quantum Information Processing},
  volume={23},
  number={7},
  pages={1--14},
  year={2024},
  publisher={Springer}
}

@article{jan2023territories,
  title={Territories of Parrondo’s Paradox and Its Entanglement Dynamics in Quantum Walks},
  author={Jan, Munsif and Khan, Niaz Ali and Xianlong, Gao},
  journal={The European Physical Journal Plus},
  volume={138},
  number={1},
  pages={1--8},
  year={2023},
  publisher={Springer}
}

@article{jan2020experimental,
  title={Experimental Realization of Parrondo’s Paradox in 1D Quantum Walks},
  author={Jan, Munsif and Wang, Qin-Qin and Xu, Xiao-Ye and Pan, Wei-Wei and Chen, Zhe and Han, Yong-Jian and Li, Chuan-Feng and Guo, Guang-Can and Abbott, Derek},
  journal={Advanced Quantum Technologies},
  volume={3},
  number={6},
  pages={1900127},
  year={2020},
  publisher={Wiley Online Library}
}

@article{lai2020parrondo,
  title={Parrondo Paradoxical Walk Using Four-Sided Quantum Coins},
  author={Lai, Joel Weijia and Tan, Jean Ren Adriel and Lu, Huiyi and Yap, Zi Rou and Cheong, Kang Hao},
  journal={Physical Review E},
  volume={102},
  number={1},
  pages={012213},
  year={2020},
  publisher={APS}
}

@article{li2013,
  title={Quantum Parrondo’s Games Constructed by Quantum Random Walks},
  author={Li, Min and Zhang, Yong-Sheng and Guo, Guang-Can},
  journal={Fluctuation and Noise Letters},
  volume={12},
  number={04},
  pages={1350024},
  year={2013},
  publisher={World Scientific}
}

@article{mittal2024parrondo,
  title={Parrondo’s Paradox in Quantum Walks with Inhomogeneous Coins},
  author={Mittal, Vikash and Huang, Yi-Ping},
  journal={Physical Review A},
  volume={110},
  number={5},
  pages={052440},
  year={2024},
  publisher={APS}
}

@article{panda2022generating,
  title={Generating Highly Entangled States via Discrete-Time Quantum Walks with Parrondo Sequences},
  author={Panda, Dinesh Kumar and Govind, B Varun and Benjamin, Colin},
  journal={Physica A: Statistical Mechanics and Its Applications},
  volume={608},
  pages={128256},
  year={2022},
  publisher={Elsevier}
}

@article{pires2020parrondo,
  title={Parrondo’s Paradox in Quantum Walks with Time-Dependent Coin Operators},
  author={Pires, Marcelo A. and Queirós, Sílvio M. Duarte},
  journal={Physical Review E},
  volume={102},
  number={4},
  pages={042124},
  year={2020},
  publisher={APS}
}

@article{rajendran2018playing,
  title={Playing a True Parrondo’s Game with a Three-State Coin on a Quantum Walk},
  author={Rajendran, Jishnu and Benjamin, Colin},
  journal={Europhysics Letters},
  volume={122},
  number={4},
  pages={40004},
  year={2018},
  publisher={IOP Publishing}
}

@article{walczak2021parrondo,
  title={Parrondo’s Paradox in Quantum Walks with Deterministic Aperiodic Sequence of Coins},
  author={Walczak, Zbigniew and Bauer, Jarosław H},
  journal={Physical Review E},
  volume={104},
  number={6},
  pages={064209},
  year={2021},
  publisher={APS}
}

@article{walczak2022parrondo,
  title={Parrondo’s Paradox in Quantum Walks with Three Coins},
  author={Walczak, Zbigniew and Bauer, Jarosław H},
  journal={Physical Review E},
  volume={105},
  number={6},
  pages={064211},
  year={2022},
  publisher={APS}
}

@article{walczak2023noise,
  title={Noise-Induced Parrondo’s Paradox in Discrete-Time Quantum Walks},
  author={Walczak, Zbigniew and Bauer, Jarosław H},
  journal={Physical Review E},
  volume={108},
  number={4},
  pages={044212},
  year={2023},
  publisher={APS}
}

@article{walczak2024parrondo,
  title={Parrondo’s Paradox in Quantum Walks with Different Shift Operators},
  author={Walczak, Zbigniew and Bauer, Jarosław H},
  journal={Quantum Information Processing},
  volume={23},
  number={12},
  pages={1--11},
  year={2024},
  publisher={Springer}
}

@article{walczak2025parrondo,
  title={Parrondo’s Paradox in Space-Inhomogeneous Quantum Walks},
  author={Walczak, Zbigniew and Bauer, Jarosław H},
  journal={Physical Review E},
  volume={111},
  number={6},
  pages={064218},
  year={2025},
  publisher={APS}
}

@article{ximenes2024parrondo,
  title={Parrondo’s Effect in Continuous-Time Quantum Walks},
  author={Ximenes, J. J. and Pires, M. A. and Villas-Bôas, J. M.},
  journal={Physical Review A},
  volume={109},
  number={3},
  pages={032417},
  year={2024},
  publisher={APS}
}