@article{Parrondo1996,
  author={Parrondo, Juan M. R.},
  title={Game Theory: How two losers can win},
  journal={Nature},
  volume={380},
  pages={315-316},
  year={1996},
  doi={10.1038/380315a0}
}

@article{Harmer1999,
  author={Harmer, G. P. and Abbott, D.},
  title={Parrondo's paradox},
  journal={Stat. Sci.},
  volume={14},
  number={2},
  pages={206-213},
  year={1999}
}

@article{Davis1999,
  author={Davis, P.},
  title={The winners' curse},
  journal={New Scientist},
  volume={161},
  pages={26-29},
  year={1999}
}

@article{Abbott2001,
  author={Abbott, D. and Harmer, G. P. and Taylor, W. C.},
  title={Parrondo's paradox},
  journal={Proc. R. Soc. Lond. A},
  volume={457},
  number={2009},
  pages={875-883},
  year={2001},
  doi={10.1098/rspa.2000.0712}
}

@article{Arena2018,
  author={Arena, M. and Basile, A. and Basile, R.},
  title={Parrondo's paradox: A review of applications},
  journal={Chaos, Solitons \& Fractals},
  volume={106},
  pages={155-160},
  year={2018},
  doi={10.1016/j.chaos.2017.11.002}
}

@article{Aharonov1993,
  author={Aharonov, Y. and Davidovich, L. and Zagury, N.},
  title={Quantum random walks},
  journal={Phys. Rev. A},
  volume={48},
  pages={1687-1690},
  year={1993},
  doi={10.1103/PhysRevA.48.1687}
}

@article{Ambainis2001,
  author={Ambainis, A.},
  title={Quantum walks and their algorithmic applications},
  journal={Int. J. Quantum Inf.},
  volume={1},
  pages={S1},
  year={2001},
  doi={10.1142/S021974990100030X}
}

@book{Venegas2012,
  author={Venegas-Andraca, S. E.},
  title={Quantum Walks: A Comprehensive Introduction},
  publisher={Springer Science \& Business Media},
  year={2012}
}

@article{Kempe2003,
  author={Kempe, J.},
  title={Quantum random walks - an introductory overview},
  journal={Contemp. Phys.},
  volume={44},
  number={4},
  pages={307-327},
  year={2003},
  doi={10.1080/0010751031000115049}
}

@article{Childs2009,
  author={Childs, A. M.},
  title={Universal computation by quantum walk},
  journal={Phys. Rev. Lett.},
  volume={102},
  pages={180501},
  year={2009},
  doi={10.1103/PhysRevLett.102.180501}
}

@article{Konno2005,
  author={Konno, N.},
  title={Quantum random walks on the line and the Parrondo paradox},
  journal={Quantum Inf. Process.},
  volume={4},
  pages={289-299},
  year={2005},
  doi={10.1007/s11128-005-0010-0}
}

@article{Mielke2015,
  author={Mielke, M. J.},
  title={Quantum walks and their applications},
  journal={Eur. J. Phys.},
  volume={36},
  number={5},
  pages={055006},
  year={2015},
  doi={10.1088/0143-0807/36/5/055006}
}

@article{Meyer1996,
  author={Meyer, D. A.},
  title={From quantum mechanics to quantum computation},
  journal={J. Stat. Phys.},
  volume={85},
  pages={551-579},
  year={1996},
  doi={10.1007/BF02179836}
}

@article{Flitney2007,
  author={Flitney, P. G. and Abbott, D.},
  title={Quantum games},
  journal={J. Phys. A: Math. Theor.},
  volume={40},
  pages={R301},
  year={2007},
  doi={10.1088/1751-8113/40/32/R01}
}

@article{Chandrashekar2011,
  author={Chandrashekar, C. M. and Banerjee, S.},
  title={Parrondo's game using a discrete-time quantum walk},
  journal={Phys. Rev. A},
  volume={84},
  pages={012330},
  year={2011},
  doi={10.1103/PhysRevA.84.012330}
}

@article{Pakkonen2014,
  author={Pakkonen, V. and Jivulescu, M. A. and Piro, O. and Raittinen, H.},
  title={Quantum Parrondo games},
  journal={Phys. Rev. A},
  volume={90},
  pages={052307},
  year={2014},
  doi={10.1103/PhysRevA.90.052307}
}

@article{Rajendran2018,
  author={Rajendran, S. and Benjamin, C.},
  title={Implementing Parrondo's paradox with two-coin quantum walks},
  journal={R. Soc. Open Sci.},
  volume={5},
  pages={171599},
  year={2018},
  doi={10.1098/rsos.171599}
}

@article{Mittal2024,
  author={Mittal, A. and Huang, Y.},
  title={Parrondo's paradox in quantum walks with inhomogeneous coins},
  journal={Phys. Rev. E},
  volume={109},
  pages={064209},
  year={2024},
  doi={10.1103/PhysRevE.109.064209}
}

@article{Walczak2025,
  author={Walczak, M. and Bauer, J.},
  title={Parrondo's paradox in space-inhomogeneous quantum walks},
  journal={Phys. Rev. A},
  volume={111},
  pages={012440},
  year={2025},
  doi={10.1103/PhysRevA.111.012440}
}

@article{Pires2020,
  author={Pires, A. and Queir√≥s, S. M. A.},
  title={Genuine Parrondo's paradox in quantum walks with time-dependent coin operators},
  journal={Phys. Rev. E},
  volume={102},
  pages={062140},
  year={2020},
  doi={10.1103/PhysRevE.102.062140}
}

@book{Nielsen2000,
  author={Nielsen, M. A. and Chuang, I. L.},
  title={Quantum Computation and Quantum Information},
  publisher={Cambridge University Press},
  year={2000}
}

@article{Phoenix2002,
  author={Phoenix, S. J. D. and Barnett, S. M.},
  title={Quantum games},
  journal={J. Phys. A: Math. Gen.},
  volume={35},
  pages={10189-10200},
  year={2002},
  doi={10.1088/0305-4470/35/47/310}
}

@article{Mihai2018,
  author={Mihai, A. S. and Jivulescu, M. A. and Piro, O. and Raittinen, H.},
  title={Parrondo's paradox in quantum walks},
  journal={Phys. Rev. A},
  volume={97},
  pages={052307},
  year={2018},
  doi={10.1103/PhysRevA.97.052307}
}

@article{Mancino2022,
  author={Mancino, L. and Mahto, R. K. and Rajendran, S. and Benjamin, C. and Sciarrino, F.},
  title={Experimental implementation of Parrondo's paradox with a photonic quantum walk},
  journal={Phys. Rev. Lett.},
  volume={128},
  pages={040501},
  year={2022},
  doi={10.1103/PhysRevLett.128.040501}
}

@article{Kadiri2024,
  author={Kadiri, A. H. and Rajendran, S. and Benjamin, C.},
  title={Scouring Parrondo's Paradox in Discrete-Time Quantum Walks},
  journal={arXiv preprint arXiv:2407.16558},
  year={2024}
}