@article{PCE2022,
  title = {Pauli component erasing quantum channels},
  author = {de Leon, Jose Alfredo and Fonseca, Alejandro and Leyvraz, Fran√ßois and Davalos, David and Pineda, Carlos},
  journal = {Phys. Rev. A},
  volume = {106},
  issue = {4},
  pages = {042604},
  numpages = {11},
  year = {2022},
  month = {Oct},
  publisher = {American Physical Society},
  doi = {10.1103/PhysRevA.106.042604},
  url = {https://link.aps.org/doi/10.1103/PhysRevA.106.042604},
	note = {arXiv:2205.05808}
}

@book{nielsen_chuang_2010, place={Cambridge}, title={Quantum Computation and Quantum Information: 10th Anniversary Edition}, DOI={10.1017/CBO9780511976667}, publisher={Cambridge University Press}, author={Nielsen, Michael A. and Chuang, Isaac L.}, year={2010}}

@article{venegas2012quantum,
  title={Quantum walks: a comprehensive review},
  author={Venegas-Andraca, Salvador El{\'\i}as},
  journal={Quantum Information Processing},
  volume={11},
  number={5},
  pages={1015--1106},
  year={2012},
  publisher={Springer},
  note = {arXiv:1201.4780}
}
